@MISC{GB:Wilke,
	author = {Claas Wilke},
	title  = {Java Code Generation for Dresden OCL2 for Eclipse},
	year = {2009},
	howpublished = {Groﬂer Beleg (Minor Thesis), Technische Universit‰t Dresden},
	month = {February}
}


@MISC{tutorial:examples,
  author={Claas Wilke},
  title={Examples provided with Dresden OCL2 for Eclipse}, 
  howpublished={Published at the Dresden OCL Toolkit Website.}, 
  month={June},
  year={2009}, 
  note={Available at http://dresden-ocl.sourceforge.net/4eclipse\_usage.html}
}

@MISC{tutorial:general,
  author={Claas Wilke},
  title={An introduction into Dresden OCL2 for Eclipse}, 
  howpublished={Published at the Dresden OCL Toolkit Website.}, 
  month={June},
  year={2009}, 
  note={Available at http://dresden-ocl.sourceforge.net/4eclipse\_usage.html}
}


@MISC{WWW:AJDT,
  key = {AspectJ Development Tools (AJDT)},
  howpublished = {Eclipse AJDT Project Website hosted by the the Eclipse Foundation.}, 
  title = {Eclipse Website},
  month = {June},
  year = {2009},
  note = {Available at http://www.eclipse.org/aspectj/}
}

@MISC{WWW:DOT,
  key = {TUD},
  howpublished = {Website hosted by Sourceforge.net}, 
  title = {Website of the Dresden OCL2 Toolkit},
  month = {June},
  year = {2009},
  note = {Available at http://dresden-ocl.sourceforge.net/}
}

@MISC{WWW:Eclipse,
  key = {Eclipse},
  howpublished = {Eclipse Website hosted by the the Eclipse Foundation.}, 
  title = {Eclipse Website},
  month = {June},
  year = {2009},
  note = {Available at http://www.eclipse.org/}
}