@BOOKLET{Ecl,
  key = {WWW},
  editor = {{The Eclipse Foundation.}},
  title = {Eclipse-Homepage},
  url = {http://www.eclipse.org/}
}

@BOOKLET{EMF,
  key = {WWW},
  editor = {{The Eclipse Foundation.}},
  title = {Homepage des EMF-Projektes},
  url = {http://www.eclipse.org/modeling/emf/}
}

@BOOKLET{SVN,
  key = {WWW},
  editor = {{Tigris.org}},
  title = {Homepage von Subclipse},
  url = {http://subclipse.tigris.org/}
}

@BOOKLET{SVNInstall,
  key = {WWW},
  editor = {{Tigris.org}},
  title = {Installation des Subclipse Plugins},
  url = {http://subclipse.tigris.org/install.html}
}

@Mastersthesis{DABrandt,
	author = {Ronny Brandt},
	title  = {Ein OCL-Interpreter für das Dresden OCL2 Toolkit basierend auf dem Pivotmodell},
	type = {Diplomarbeit},
	year = {2007},
	school = {Technische Universität Dresden}
}

@BOOKLET{ToolkitHP,
  key = {WWW},
  editor = {{Software Technology Group}},
  title = {Webseite des Dresden OCL2 Toolkits},
  url = {http://dresden-ocl.sourceforge.net/}
}

@BOOKLET{ToolkitSourceforge,
  key = {WWW},
  editor = {{Software Technology Group}},
  title = {Sourceforge Projekt-Webseite des Dresden OCL2 Toolkits},
  url = {http://sourceforge.net/projects/dresden-ocl/}
}

@Mastersthesis{GBBraeuer,
	author = {Matthias Bräuer},
	title  = {Models and Metamodels in a QVT/OCL Development Environment},
	type = {Großer Beleg},
	year = {2007},
	school = {Technische Universität Dresden},
  url = {http://dresden-ocl.sourceforge.net/gbbraeuer/index.html}
}

