@BOOKLET{Ecl,
  key = {WWW},
  editor = {{The Eclipse Foundation.}},
  title = {Eclipse Website},
  url = {http://www.eclipse.org/}
}

@BOOKLET{EMF,
  key = {WWW},
  editor = {{The Eclipse Foundation.}},
  title = {Website of the EMF project},
  url = {http://www.eclipse.org/modeling/emf/}
}

@BOOKLET{SVN,
  key = {WWW},
  editor = {{Tigris.org}},
  title = {Subclipse Website},
  url = {http://subclipse.tigris.org/}
}

@BOOKLET{SVNInstall,
  key = {WWW},
  editor = {{Tigris.org}},
  title = {Installation of the Subclipse plugin},
  url = {http://subclipse.tigris.org/install.html}
}

@Mastersthesis{DABrandt,
	author = {Ronny Brandt},
	title  = {Ein OCL-Interpreter für das Dresden OCL2 Toolkit basierend auf dem Pivotmodell},
	type = {Diplomarbeit},
	year = {2007},
	school = {Technische Universität Dresden}
}

@BOOKLET{ToolkitHP,
  key = {WWW},
  editor = {{Software Technology Group}},
  title = {Website of the Dresden OCL2 Toolkit},
  url = {http://dresden-ocl.sourceforge.net/}
}

@BOOKLET{ToolkitSourceforge,
  key = {WWW},
  editor = {{Software Technology Group}},
  title = {Sourceforge project website of the Dresden OCL2 Toolkit},
  url = {http://sourceforge.net/projects/dresden-ocl/}
}

@Mastersthesis{GBBraeuer,
	author = {Matthias Bräuer},
	title  = {Models and Metamodels in a QVT/OCL Development Environment},
	type = {Großer Beleg},
	year = {2007},
	school = {Technische Universität Dresden},
  url = {http://dresden-ocl.sourceforge.net/gbbraeuer/index.html}
}

