@MISC{tut:examples,
  author={Claas Wilke},
  title={Examples provided with Dresden OCL2 for Eclipse}, 
  howpublished={Published at the Dresden OCL Toolkit Website.}, 
  month={February},
  year={2009}, 
  note={Available at http://dresden-ocl.sourceforge.net/4eclipse\_usage.html}
}


@MISC{GB:Braeuer,
	author = {Matthias Br‰uer},
	title  = {Models and Metamodels in a QVT/OCL Development Environment},
	year = {2007},
	howpublished = {Groﬂer Beleg},
	month = {May},
  note = {Available at http://dresden-ocl.sourceforge.net/gbbraeuer/index.html}
}


@MISC{WWW:eclipse,
  title={Eclipse project Website}, 
  key={WWW},
  year={2009},
  howpublished={Eclipse project Website}, 
  note={Available at http://www.eclipse.org/}
}

@MISC{WWW:toolkit,
  title={Website of the Dresden OCL Toolkit}, 
  key={WWW},
  year={2009},
  howpublished={Sourceforge project Website}, 
  note={Available at http://dresden-ocl.sourceforge.net/}
}

@MISC{WWW:SVNInstall,
  title={Installation of the Subclipse plugin}, 
  key={Subclipse},
  year={2009},
  howpublished={Subclipse project Website}, 
  note={Available at http://subclipse.tigris.org/install.html}
}