@MISC{tut:general,
  author={Claas Wilke and Ronny Brandt},
  title={An introduction into Dresden OCL2 for Eclipse}, 
  howpublished={Published at the Dresden OCL Toolkit Website.}, 
  month={March},
  year={2009}, 
  note={Available at http://dresden-ocl.sourceforge.net/4eclipse\_usage.html}
}

@MISC{tut:examples,
  author={Claas Wilke},
  title={Examples provided with Dresden OCL2 for Eclipse}, 
  howpublished={Published at the Dresden OCL Toolkit Website.}, 
  month={February},
  year={2009}, 
  note={Available at http://dresden-ocl.sourceforge.net/4eclipse\_usage.html}
}


@MISC{WWW:Eclipse,
  key = {Eclipse},
  howpublished = {Eclipse Website hosted by the the Eclipse Foundation.}, 
  title = {Eclipse Website},
  year = {2009},
  note = {Available at http://www.eclipse.org/}
}

@MISC{WWW:toolkit,
  key = {DOT},
  howpublished = {Website hosted by Sourceforge.net}, 
  title = {Website of the Dresden OCL2 Toolkit},
  year = {2009},
  note = {Available at http://dresden-ocl.sourceforge.net/}
}