@mastersthesis{GB:Braeuer,
	author = {Br‰uer, Matthias},
	title  = {Models and Metamodels in a QVT/OCL Development Environment},
  type = {Groﬂer Beleg (Minor Thesis)},
  school = {Technische Universit‰t Dresden, Germany},
	month = {May},
	year = {2007}
}

@mastersthesis{GB:Wilke,
	author = {Claas Wilke},
	title  = {Java Code Generation for Dresden OCL2 for Eclipse},
  type = {Groﬂer Beleg (Minor Thesis)},
  school = {Technische Universit‰t Dresden, Germany},
	month = {February},
	year = {2009}
}


@inproceedings{demuth:RGWS09,
  author = {Demuth, Birgit and Wilke, Claas},
  title = {Model and Object Verification by Using Dresden OCL},
  booktitle = {Proceedings of the Russian-German Workshop ``Innovation Information Technologies: Theory and Practice'', July 25-31, Ufa, Russia, 2009},
  publisher = {Ufa State Aviation Technical University, Ufa, Bashkortostan, Russia},
  year = {2009}
}


@misc{spec:MOF,
 	organization = {Object Management Group (OMG), Needham, MA, USA},
  key={OMG},
  title = {Meta Object Facility (MOF) Core Specification, OMG Available Specification},
 	edition = {2.0},
  month = {January},
  year = {2006},
  url = {http://www.omg.org/spec/MOF/2.0/}
}

@misc{spec:UML2-2Inf,
 	organization = {Object Management Group (OMG), Needham, MA, USA},
  key={OMG},
  title = {OMG Unified Modeling Language\texttrademark (OMG UML), Infrastructure},
 	edition = {2.2},
  month = {February},
  year = {2009},
  url = {http://www.omg.org/spec/UML/2.2/}
}


@MISC{WWW:AJDT,
  title = {AspectJ Development Tools (AJDT)},
  key = {URL},
  year = {2010},
  howpublished = {Eclipse AJDT Project Website hosted by the the Eclipse Foundation.}, 
  url = {http://www.eclipse.org/aspectj/}
}

@misc{WWW:chainsaw,
  title = {Apache Chainsaw}, 
  key = {URL},
  year = {2010},
  howpublished= {Apache Logging Services}, 
  url = {http://logging.apache.org/chainsaw/}
}

@misc{WWW:eclipse,
  title = {Eclipse project Website}, 
  key = {URL},
  year = {2010},
  howpublished = {Eclipse project Website}, 
  url = {http://www.eclipse.org/}
}

@misc{WWW:eclipseSubversive,
  title = {Polarion Software: Subversive}, 
  key = {URL},
  year = {2010},
  howpublished = {Polarion.org Community}, 
  url = {http://www.polarion.com/products/svn/subversive.php}
}

@MISC{WWW:MDT,
  title = {Eclipse Model Development Tools},
  key = {URL},
  howpublished = {Eclipse Project Website},
  url = {http://www.eclipse.org/modeling/mdt/},
  year = {2010}
}

@misc{WWW:toolkit,
  title = {Website of the Dresden OCL Toolkit}, 
  key = {URL},
  year = {2010},
  howpublished = {Project website}, 
  url = {http://dresden-ocl.sourceforge.net/}
}

@misc{WWW:toolkitSourceforge,
  title = {Sourceforge Project Site of the Dresden OCL Toolkit}, 
  key = {URL},
  year = {2010},
  howpublished = {Sourceforge project website}, 
  url = {http://sourceforge.net/projects/dresden-ocl/}
}

@misc{WWW:toolkitSVN,
  title = {SVN of the Dresden OCL Toolkit}, 
  key = {URL},
  year = {2010},
  howpublished = {Subversion Repository}, 
  url = {http://dresden-ocl.svn.sourceforge.net/svnroot/dresden-ocl}
}

@misc{WWW:toolkitUpdatesite,
  title = {Update Site of the Dresden OCL Toolkit}, 
  key = {URL},
  year = {2010},
  howpublished = {Eclipse Update Site}, 
  url = {http://dresden-ocl.sourceforge.net/downloads/updatesite/}
}