@MISC{tut:examples,
  author={Claas Wilke},
  title={Examples provided with Dresden OCL2 for Eclipse}, 
  howpublished={Published at the Dresden OCL Toolkit Website.}, 
  month={February},
  year={2009}, 
  note={Available at http://dresden-ocl.sourceforge.net/4eclipse\_usage.html}
}


@MISC{GB:Braeuer,
	author = {Matthias Br‰uer},
	title  = {Models and Metamodels in a QVT/OCL Development Environment},
	year = {2007},
	howpublished = {Groﬂer Beleg},
	month = {May},
  note = {Available at http://dresden-ocl.sourceforge.net/gbbraeuer/index.html}
}


@MISC{WWW:chainsaw,
  title={Apache Chainsaw}, 
  key={Apache},
  year={2009},
  howpublished={Apache Logging Services}, 
  note={http://logging.apache.org/chainsaw/}
}

@MISC{WWW:eclipse,
  title={Eclipse project Website}, 
  key={Eclipse},
  year={2009},
  howpublished={Eclipse project Website}, 
  note={http://www.eclipse.org/}
}

@MISC{WWW:eclipseSubversive,
  title={Polarion Software: Subversive}, 
  key={Polarion},
  year={2009},
  howpublished={Polarion.org Community}, 
  note={http://www.polarion.com/products/svn/subversive.php}
}

@MISC{WWW:toolkit,
  title={Website of the Dresden OCL Toolkit}, 
  key={TUD},
  year={2009},
  howpublished={Project website}, 
  note={http://dresden-ocl.sourceforge.net/}
}

@MISC{WWW:toolkitSourceforge,
  title={Sourceforge Project Site of the Dresden OCL Toolkit}, 
  key={TUD},
  year={2009},
  howpublished={Sourceforge project website}, 
  note={http://sourceforge.net/projects/dresden-ocl/}
}

@MISC{WWW:toolkitSVN,
  title={SVN of the Dresden OCL Toolkit}, 
  key={TUD},
  year={2009},
  howpublished={Subversion Repository}, 
  note={https://dresden-ocl.svn.sourceforge.net/svnroot/dresden-ocl}
}

@MISC{WWW:toolkitUpdatesite,
  title={Update Site of the Dresden OCL Toolkit}, 
  key={TUD},
  year={2009},
  howpublished={Eclipse Update Site}, 
  note={http://dresden-ocl.svn.sourceforge.net/svnroot/dresden-ocl/trunk/ocl20forEclipse/updatesite/tudresden.ocl20.updatesite\_1.2.0}
}