@book{gamma:dp,
  author = {Gamma, Erich and Helm, Richard and Johnson, Ralph and Vlissides, John},
  title = {Design Patterns - Elements of Reusable Object-Oriented Software},
  publisher = {Addison-Wesley Professional},
  address = {Indianapolis},
  edition = {2nd},
  year = {1995}
}

@book{warmer:ocl,
  author = {Warmer, Jos and Kleppe, Anneke},
  title = {The Object Constraint Language - Getting Your Models Ready for MDA},
  publisher = {Pearson Education Inc.},
  address = {Boston},
  edition = {2nd},
  year = {2003}
}


@inproceedings{braeuerOCL07,
  author = {Bräuer, Matthias and Demuth, Birgit},
  title = {Model-Level Integration of the OCL Standard Library Using a Pivot Model with Generics Support},
  booktitle = {Ocl4All - Modelling Systems with OCL},
  editor = {Akehurst, David H. and Gogolla, Martin and Zschaler, Steffen},
  series = {ECAST},
  volume = {9},
  publisher = {Technische Universität Berlin},
  year = {2008}
}

@inproceedings{demuthRGWS09,
  author = {Demuth, Birgit and Wilke, Claas},
  title = {Model and Object Verification by Using Dresden OCL},
  booktitle = {Proceedings of the Russian-German Workshop ``Innovation Information Technologies: Theory and Practice'', July 25-31, Ufa, Russia, 2009},
  publisher = {Ufa State Aviation Technical University},
  year = {2009}
}

@Inproceedings{hartmannICWI07,
  author = {Hartmann, Falk},
  title = {Ensuring the Instantiation Results of XML Templates},
  booktitle = {Proceedings of the IADIS International Conference WWW/Internet 2007},
  pages =	{269-276},
  month = {October},
  year = {2007}
}

@Inproceedings{hartmannDEXA06,
  author = {Falk Hartmann},
  title = {An Architecture for an XML-Template Engine enabling Safe Authoring},
  booktitle = {Proceedings of the 17th International Conference on Database and Expert System Applications (DEXA06)},
  pages = {502-507},
  publisher = {IEEE Computer Society, Washington, DC, USA},
  year = {2006}
}

@Inproceedings{maesOOPSLA87,
  author = {Maes, Pattie},
  title = {Concepts and Experiments in Computational Reflection},
  booktitle = {Proceedings of OOPSLA'87},
  series = {ACM SIGPLAN Notices},
  number = {12},
  volume = {22},
  pages = {147-155},
  publisher = {ACM Press},
  address = {New York},
  month = {October},
  year = {1987}
}


@book{spec:UNIFI,
  author = {ISO},
  title = {Payments Standards - Initiation - UNIFI (ISO 20022) Message Definition Report},
 	publisher = {International Organization for Standardization (ISO)},
 	address = {Geneva},
  month = {October},
  howpublished = {\url{http://www.iso20022.org/}},
  year = {2006}
}

@book{spec:EPC,
  author = {EPC},
 	publisher = {European Payments Council (EPC)},
 	address = {Brussels},
  title = {SEPA Business-To-Business Direct Debit Scheme Customer-To-Bank Implementation Guidelines, Version 1.3},
  number = {EPC131-08},
  month = {October},
  year = {2009},
  url = {http://www.europeanpaymentscouncil.eu/documents/EPC131-08\%20C2B\%20B2B\_DDIG\%20V1.3\%20Approved.pdf}
}

@book{spec:UML2-2,
 	author = {OMG},
  title = {Unified Modeling Language\texttrademark, OMG Available Specification, Version 2.2},
 	publisher = {Object Management Group (OMG)},
 	address = {Needham},
  month = {February},
  year = {2009},
  url = {http://www.omg.org/spec/UML/2.2/}
}

@book{spec:OCL2-2,
 	author = {OMG},
  title = {Object Constraint Language, Version 2.2},
 	publisher = {Object Management Group (OMG)},
 	address = {Needham},
  month = {February},
  year = {2010},
  url = {http://www.omg.org/spec/OCL/2.2/}
}


@misc{WWW:dresdenOCL,
  title = {Dresden OCL Toolkit}, 
  howpublished = {\url{http://dresden-ocl.sourceforge.net/}}
}

@MISC{WWW:EMF,
  title = {Eclipse Modeling Framework (EMF) Project},
  key = {URL},
  howpublished = {Eclipse Project Website},
  url = {http://www.eclipse.org/modeling/emf/},
  month = {April},
  year = {2010}
}

@MISC{WWW:MDT,
  title = {Eclipse Model Development Tools},
  howpublished = {\url{http://www.eclipse.org/modeling/mdt/}}
}

@MISC{WWW:MIP,
  title = {MIP OCL Parser (MIP MDA Tools)},
  howpublished = {\url{http://mda.cloudexp.com/}}
}

@MISC{WWW:OCLE,
  title = {OCLE2.0 - Object Constraint Language Environment},
  howpublished = {\url{http://lci.cs.ubbcluj.ro/ocle/}}
}

@MISC{WWW:EBA,
  title = {Euro Banking Association (EBA)},
  howpublished = {\url{https://www.abe-eba.eu/}}
}

@article{gogolla2007use,
  title={{USE: A UML-based Specification Environment for Validating UML and OCL}},
  author={Gogolla, M. and Büttner, F. and Richters, M.},
  journal={Science of Computer Programming},
  volume={69},
  number={1-3},
  pages={27--34},
  year={2007},
  publisher={Elsevier}
}

@inproceedings{akehurst2003ocl,
  title={{Ocl 2.0-Implementing the Standard for Multiple Metamodels}},
  author={Akehurst, D. and Patrascoiu, O.},
  booktitle={OCL2.0 - "Industry standard or scientific playground?" - Proceedings of the UML'03 workshop},
  pages={19--25},
  year={2003},
  organization={Citeseer}
}

@inproceedings{kolovos2008detecting,
  title={{Detecting and Repairing Inconsistencies across Heterogeneous Models}},
  author={Kolovos, D. and Paige, R. and Polack, F.},
  booktitle={Proceedings of the 2008 International Conference on Software Testing, Verification, and Validation},
  pages={356--364},
  year={2008},
  organization={IEEE Computer Society}
}

@MISC{damus:EclipseCon08,
  title = {MDT OCL Goes Generic - Introduction to OCL and Study of the Generic Metamodel and API},
  author = {Damus, Christian W.},
  howpublished = {Slides of Presentation at the EclipseCon 2008},
  mont = {February},
  year = {2008}
}

@BOOK{assmann:isc,
  author = {Aßmann, Uwe},
  title = {Invasive Software Composition},
  publisher = {Springer Verlag},
  address = {Heidelberg},
  edition = {2nd},
  year = {2003}
}